@article{Bowman20083DPerspectives,
    title = {{3D user interfaces: New directions and perspectives}},
    year = {2008},
    journal = {IEEE Computer Graphics and Applications},
    author = {Bowman, Doug A. and Coquillart, Sabine and Froehlich, Bernd and Hirose, Michitaka and Kitamura, Yoshifumi and Kiyokawa, Kiyoshi and Stuerzlinger, Wolfgang},
    isbn = {0272-1716},
    doi = {10.1109/MCG.2008.109},
    issn = {02721716},
    pmid = {19004682},
    keywords = {3D UI, 3D user interfaces, Augmented reality, Biosignal interfaces, Collaborative 3D user interfaces, Electroencephalography, Haptic interfaces, Input devices, Multidisplay environments, Navigation, Pseudo-haptics, Sensors, Three dimensional displays, Virtual environment, Virtual reality, Visualization}
}

@article{Billinghurst2015AReality,
    title = {{A Survey of Augmented Reality}},
    year = {2015},
    journal = {Foundations and Trends{\textregistered} in Human–Computer Interaction},
    author = {Billinghurst, Mark and Clark, Adrian and Lee, Gun},
    number = {2-3},
    pages = {73--272},
    volume = {8},
    publisher = {Now Publishers, Inc.},
    url = {http://www.nowpublishers.com/article/Details/HCI-049},
    doi = {10.1561/1100000049},
    issn = {1551-3955},
    keywords = {Augmented reality, Human-Computer Interaction}
}

@article{Endres2005AComputing,
    title = {{A survey of software infrastructures and frameworks for ubiquitous computing}},
    year = {2005},
    journal = {Mobile Information Systems},
    author = {Endres, Christoph and Butz, Andreas and MacWilliams, Asa},
    isbn = {1233803123},
    doi = {10.1155/2005/654215},
    issn = {1875905X},
    pmid = {1233803.1233806},
    arxivId = {1233803.1233806}
}

@article{Endres2005AComputingb,
    title = {{A survey of software infrastructures and frameworks for ubiquitous computing}},
    year = {2005},
    journal = {Mobile Information Systems},
    author = {Endres, Christoph and Butz, Andreas and MacWilliams, Asa},
    isbn = {1233803123},
    doi = {10.1155/2005/654215},
    issn = {1875905X},
    pmid = {1233803.1233806},
    arxivId = {1233803.1233806}
}

@techreport{Milgram1994ADISPLAYS,
    title = {{A Taxonomy of Mixed Reality Visual Displays Augmented Reality through Graphic Overlays on Stereoscopic video View project A TAXONOMY OF MIXED REALITY VISUAL DISPLAYS}},
    year = {1994},
    booktitle = {IEICE Transactions on Information Systems},
    author = {Milgram, Paul and Kishino, Fumio},
    number = {12},
    url = {http://vered.rose.utoronto.ca/people/paul_dir/IEICE94/ieice.html}
}

@article{Mann2018AllReality,
    title = {{All Reality: Virtual, Augmented, Mixed (X), Mediated (X,Y), and Multimediated Reality}},
    year = {2018},
    author = {Mann, Steve and Furness, Tom and Yuan, Yu and Iorio, Jay and Wang, Zixin},
    month = {4},
    url = {http://arxiv.org/abs/1804.08386},
    arxivId = {1804.08386}
}

@inproceedings{Piekarski2003AnApplications,
    title = {{An object-oriented software architecture for 3D mixed reality applications}},
    year = {2003},
    booktitle = {Proceedings - 2nd IEEE and ACM International Symposium on Mixed and Augmented Reality, ISMAR 2003},
    author = {Piekarski, Wayne and Thomas, Bruce H.},
    isbn = {0769520065},
    doi = {10.1109/ISMAR.2003.1240708},
    issn = {0016-8521}
}

@inproceedings{Piekarski2003AnApplicationsb,
    title = {{An object-oriented software architecture for 3D mixed reality applications}},
    year = {2003},
    booktitle = {Proceedings - 2nd IEEE and ACM International Symposium on Mixed and Augmented Reality, ISMAR 2003},
    author = {Piekarski, Wayne and Thomas, Bruce H.},
    isbn = {0769520065},
    doi = {10.1109/ISMAR.2003.1240708},
    issn = {0016-8521}
}

@article{Piekarski2002ARQuake:System,
    title = {{ARQuake: the outdoor augmented reality gaming system}},
    year = {2002},
    journal = {Communications of the ACM},
    author = {Piekarski, Wayne and Thomas, Bruce},
    number = {1},
    month = {1},
    pages = {36--38},
    volume = {45},
    publisher = {ACM},
    url = {http://portal.acm.org/citation.cfm?doid=502269.502291},
    doi = {10.1145/502269.502291},
    issn = {00010782}
}

@inproceedings{Mynatt1997AudioAura,
    title = {{Audio aura}},
    year = {1997},
    booktitle = {Proceedings of the 10th annual ACM symposium on User interface software and technology  - UIST '97},
    author = {Mynatt, Elizabeth D. and Back, Maribeth and Want, Roy and Frederick, Ron},
    pages = {211--212},
    publisher = {ACM Press},
    url = {http://portal.acm.org/citation.cfm?doid=263407.264218},
    address = {New York, New York, USA},
    isbn = {0897918819},
    doi = {10.1145/263407.264218},
    keywords = {VRML, active badge, audio, auditory icons, augmented reality}
}

@article{Harma2004AugmentedAppliances,
    title = {{Augmented Reality Audio for Mobile and Wearable Appliances}},
    year = {2004},
    journal = {Journal of the Audio Engineering Society},
    author = {H{\"{a}}rm{\"{a}}, Aki and Jakka, Julia and Tikander, Miikka and Karjalainen, Matti and Lokki, Tapio and Hiipakka, Jarmo and Lorho, Gaëtan},
    number = {6},
    month = {6},
    pages = {618--639},
    volume = {52},
    publisher = {Audio Engineering Society},
    url = {http://www.aes.org/e-lib/browse.cfm?elib=13010}
}

@article{Jabareen2009BuildingProcedure,
    title = {{Building a Conceptual Framework: Philosophy, Definitions, and Procedure}},
    year = {2009},
    journal = {International Journal of Qualitative Methods},
    author = {Jabareen, Yosef},
    number = {4},
    month = {12},
    pages = {49--62},
    volume = {8},
    publisher = {SAGE PublicationsSage CA: Los Angeles, CA},
    url = {http://journals.sagepub.com/doi/10.1177/160940690900800406},
    doi = {10.1177/160940690900800406},
    issn = {1609-4069},
    keywords = {concepts, conceptual framework, conceptual framework analysis, grounded theory, metasynthesis, qualitative methods, sustainable development}
}

@misc{Haley2018CaseHoloTour,
    title = {{Case study - Capturing and creating content for HoloTour}},
    year = {2018},
    author = {Haley, David and Syltebo, Jason and Askew, Danny and Steiner, Travis},
    url = {https://docs.microsoft.com/en-us/windows/mixed-reality/case-study-capturing-and-creating-content-for-holotour}
}

@inproceedings{Hoff1996Computer-vision-basedReality,
    title = {{Computer-vision-based registration techniques for augmented reality}},
    year = {1996},
    author = {Hoff, William A. and Nguyen, Khoi and Lyon, Torsten},
    editor = {Casasent, David P.},
    month = {10},
    pages = {538--548},
    volume = {2904},
    publisher = {International Society for Optics and Photonics},
    url = {http://proceedings.spiedigitallibrary.org/proceeding.aspx?articleid=1025038},
    doi = {10.1117/12.256311}
}

@article{Hjrland2009ConceptTheory,
    title = {{Concept theory}},
    year = {2009},
    journal = {Journal of the American Society for Information Science and Technology},
    author = {Hj{\o}rland, Birger},
    number = {8},
    month = {8},
    pages = {1519--1536},
    volume = {60},
    publisher = {John Wiley {\&} Sons, Ltd},
    url = {http://doi.wiley.com/10.1002/asi.21082},
    doi = {10.1002/asi.21082},
    issn = {15322882}
}

@inproceedings{BowmanDesignEnvironments,
    title = {{Design and evaluation of menu systems for immersive virtual environments}},
    booktitle = {Proceedings IEEE Virtual Reality 2001},
    author = {Bowman, D.A. and Wingrave, C.A.},
    pages = {149--156},
    publisher = {IEEE Comput. Soc},
    url = {http://ieeexplore.ieee.org/document/913781/},
    isbn = {0-7695-0948-7},
    doi = {10.1109/VR.2001.913781}
}

@inproceedings{Bauer2001DesignFramework,
    title = {{Design of a component-based augmented reality framework}},
    year = {2001},
    booktitle = {Proceedings - IEEE and ACM International Symposium on Augmented Reality, ISAR 2001},
    author = {Bauer, M. and Bruegge, B. and Klinker, G. and MacWilliams, A. and Reicher, T. and Ri{\ss}, S. and Sandor, C. and Wagner, M.},
    isbn = {0769513751},
    doi = {10.1109/ISAR.2001.970514},
    issn = {0022-3166},
    pmid = {462045}
}

@article{MacWilliams2004DesignSystems,
    title = {{Design Patterns for Augmented Reality Systems}},
    year = {2004},
    journal = {Mixer},
    author = {MacWilliams, Asa and Reicher, Thomas and Klinker, Gudrun and Bruegge, Bernd},
    isbn = {9783319719405},
    doi = {10.1.1.3.8477}
}

@inproceedings{Gandy2014DesignersLater,
    title = {{Designer's augmented reality toolkit, ten years later}},
    year = {2014},
    booktitle = {Proceedings of the 27th annual ACM symposium on User interface software and technology - UIST '14},
    author = {Gandy, Maribeth and MacIntyre, Blair},
    isbn = {9781450330695},
    doi = {10.1145/2642918.2647369}
}

@inproceedings{Marx2017DOM2AFRAME:WebVR,
    title = {{DOM2AFRAME: Putting the web back in WebVR}},
    year = {2017},
    booktitle = {2017 International Conference on 3D Immersion (IC3D)},
    author = {Marx, Robin and Vanhove, Sander and Vanmontfort, Wouter and Quax, Peter and Lamotte, Wim},
    month = {12},
    pages = {1--8},
    publisher = {IEEE},
    url = {http://ieeexplore.ieee.org/document/8251892/},
    isbn = {978-1-5386-4655-7},
    doi = {10.1109/IC3D.2017.8251892}
}

@inproceedings{Zhang2014EnablingEcosystem,
    title = {{Enabling an augmented reality ecosystem}},
    year = {2014},
    booktitle = {Proceedings of the 2014 workshop on Mobile augmented reality and robotic technology-based systems - MARS '14},
    author = {Zhang, Zhuo and Hui, Pan and Kulkarni, Sanjeev and Peylo, Christoph},
    isbn = {9781450328234},
    doi = {10.1145/2609829.2609835}
}

@inproceedings{Zhang2014EnablingEcosystemb,
    title = {{Enabling an augmented reality ecosystem}},
    year = {2014},
    booktitle = {Proceedings of the 2014 workshop on Mobile augmented reality and robotic technology-based systems - MARS '14},
    author = {Zhang, Zhuo and Hui, Pan and Kulkarni, Sanjeev and Peylo, Christoph},
    isbn = {9781450328234},
    doi = {10.1145/2609829.2609835}
}

@inproceedings{Speiginer2014Ethereal:Content,
    title = {{Ethereal: A toolkit for spatially adaptive augmented reality content}},
    year = {2014},
    booktitle = {UIST 2014 - Adjunct Publication of the 27th Annual ACM Symposium on User Interface Software and Technology},
    author = {Speiginer, G. and MacIntyre, B.},
    number = {},
    volume = {},
    isbn = {9781450330688},
    doi = {10.1145/2658779.2658802},
    keywords = {Adaptive Information Presentation, Augmented Reality, UI Toolkits, Web-based Augmented Reality}
}

@article{Green2008EvaluatingSystem,
    title = {{Evaluating the Augmented Reality Human-Robot collaboration system}},
    year = {2008},
    journal = {15th International Conference on Mechatronics and Machine Vision in Practice, M2VIP'08},
    author = {Green, Scott A. and Chase, J. Geoffrey and Chen, Xiao Qi and Billinghurst, Mark},
    month = {0}
}

@article{Rubin1958FigureGround,
    title = {{Figure and ground}},
    year = {1958},
    journal = {Readings in perception},
    author = {Rubin, E},
    isbn = {0863775977},
    doi = {10.1016/j.neulet.2015.10.010},
    issn = {0304-3940}
}

@inproceedings{Wagner2003FirstReality,
    title = {{First steps towards handheld augmented reality}},
    year = {2003},
    booktitle = {Seventh IEEE International Symposium on Wearable Computers, 2003. Proceedings.},
    author = {Wagner, D. and Schmalstieg, D.},
    pages = {127--135},
    publisher = {IEEE},
    url = {http://ieeexplore.ieee.org/document/1241402/},
    isbn = {0-7695-2034-0},
    doi = {10.1109/ISWC.2003.1241402}
}

@inproceedings{Broy2014FrameBoxDisplays,
    title = {{FrameBox and MirrorBox: Tools and Guidelines to Support Designers in Prototyping Interfaces for 3D Displays}},
    year = {2014},
    booktitle = {Proceedings of the 32Nd Annual ACM Conference on Human Factors in Computing Systems},
    author = {Broy, Nora and Schneegass, Stefan and Alt, Florian and Schmidt, Albrecht},
    isbn = {978-1-4503-2473-1},
    doi = {10.1145/2556288.2557183}
}

@inproceedings{Mannu2012FromFramework,
    title = {{From VR to AR - Adding AR functionality to an existing VR software framework}},
    year = {2012},
    booktitle = {Proceedings - 2012 14th Symposium on Virtual and Augmented Reality, SVR 2012},
    author = {Mannu{\ss}, Florian and Hinkenjann, André},
    isbn = {9780769547251},
    doi = {10.1109/SVR.2012.18},
    keywords = {Augmented Reality, Software Architecture, Software Framework, Virtual Reality}
}

@article{Lyons2000GuidedSystem,
    title = {{Guided by voices: An audio augmented reality system}},
    year = {2000},
    author = {Lyons, Kent and Gandy, Maribeth and Starner, Thad},
    publisher = {Georgia Institute of Technology},
    url = {https://smartech.gatech.edu/handle/1853/50672}
}

@inproceedings{Tatzgern2014HedgehogSpace,
    title = {{Hedgehog labeling: View management techniques for external labels in 3D space}},
    year = {2014},
    booktitle = {2014 IEEE Virtual Reality (VR)},
    author = {Tatzgern, Markus and Kalkofen, Denis and Grasset, Raphael and Schmalstieg, Dieter},
    month = {3},
    pages = {27--32},
    publisher = {IEEE},
    url = {http://ieeexplore.ieee.org/document/6802046/},
    isbn = {978-1-4799-2871-2},
    doi = {10.1109/VR.2014.6802046}
}

@inproceedings{Xu2012HerdingTable,
    title = {{Herding nerds on your table}},
    year = {2012},
    booktitle = {Proceedings of the 2012 ACM annual conference extended abstracts on Human Factors in Computing Systems Extended Abstracts - CHI EA '12},
    author = {Xu, Yan and Mendenhall, Sam and Ha, Vu and Tillery, Paul and Cohen, Joshua},
    pages = {1351},
    publisher = {ACM Press},
    url = {http://dl.acm.org/citation.cfm?doid=2212776.2212453},
    address = {New York, New York, USA},
    isbn = {9781450310161},
    doi = {10.1145/2212776.2212453},
    keywords = {augmented reality, design, mobile game, physical interface, player experience}
}

@article{Cummings2016HowPresence,
    title = {{How Immersive Is Enough? A Meta-Analysis of the Effect of Immersive Technology on User Presence}},
    year = {2016},
    journal = {Media Psychology},
    author = {Cummings, James J. and Bailenson, Jeremy N.},
    number = {2},
    month = {4},
    pages = {272--309},
    volume = {19},
    publisher = {Routledge},
    url = {http://www.tandfonline.com/doi/full/10.1080/15213269.2015.1015740},
    doi = {10.1080/15213269.2015.1015740},
    issn = {1521-3269}
}

@incollection{Kumari2019ImplementationSurvey,
    title = {{Implementation Issues of Augmented Reality and Virtual Reality: A Survey}},
    year = {2019},
    author = {Kumari, Sangeeta and Polke, Nitish},
    month = {8},
    pages = {853--861},
    publisher = {Springer, Cham},
    url = {http://link.springer.com/10.1007/978-3-030-03146-6_97},
    doi = {10.1007/978-3-030-03146-6{\_}97}
}

@misc{2011Infinite,
    title = {{Infinite Z launches zSpace virtual holographic 3D display for designers |}},
    year = {2011},
    url = {https://vizworld.com/2011/12/infinite-launches-zspace-virtual-holographic-3d-display-designers/}
}

@inproceedings{Barba2012IntegratingExperiences,
    title = {{Integrating and using panoramas and photographic images in AR experiences}},
    year = {2012},
    booktitle = {2012 IEEE International Symposium on Mixed and Augmented Reality (ISMAR)},
    author = {Barba, Evan and Bolter, Jay and Engberg, Maria and Kulka, Isaac and Rouse, Rebecca},
    month = {11},
    pages = {1--1},
    publisher = {IEEE},
    url = {http://ieeexplore.ieee.org/document/6402523/},
    isbn = {978-1-4673-4662-7},
    doi = {10.1109/ISMAR.2012.6402523}
}

@misc{Nedd2017Inter-dimensionalARKit,
    title = {{Inter-dimensional Portal made with ARKit}},
    year = {2017},
    author = {{Nedd}},
    url = {https://twitter.com/nedd/status/880790729815097344}
}

@inproceedings{Irshad2016Multi-layeredExperience,
    title = {{Multi-layered Mobile Augmented Reality Framework for Positive User Experience}},
    year = {2016},
    booktitle = {Proceedings of the The 2th International Conference in HCI and UX on Indonesia 2016 - CHIuXiD '16},
    author = {Irshad, Shafaq and Awang Rambli, Dayang Rohaya},
    isbn = {9781450340441},
    doi = {10.1145/2898459.2898462}
}

@inproceedings{Irshad2016Multi-layeredExperienceb,
    title = {{Multi-layered Mobile Augmented Reality Framework for Positive User Experience}},
    year = {2016},
    booktitle = {Proceedings of the The 2th International Conference in HCI and UX on Indonesia 2016 - CHIuXiD '16},
    author = {Irshad, Shafaq and Awang Rambli, Dayang Rohaya},
    isbn = {9781450340441},
    doi = {10.1145/2898459.2898462}
}

@inproceedings{Norris2014NASADemo,
    title = {{NASA Telexploration Project demo}},
    year = {2014},
    booktitle = {2014 IEEE Virtual Reality (VR)},
    author = {Norris, Jeff and Davidoff, Scott},
    month = {3},
    pages = {183--184},
    publisher = {IEEE},
    url = {http://ieeexplore.ieee.org/document/6802112/},
    isbn = {978-1-4799-2871-2},
    doi = {10.1109/VR.2014.6802112}
}

@inproceedings{Xu2015Real-timeQuality,
    title = {{Real-time Guidance Camera Interface to Enhance Photo Aesthetic Quality}},
    year = {2015},
    booktitle = {Proceedings of the 33rd Annual ACM Conference on Human Factors in Computing Systems - CHI '15},
    author = {Xu, Yan and Ratcliff, Joshua and Scovell, James and Speiginer, Gheric and Azuma, Ronald},
    isbn = {9781450331456},
    doi = {10.1145/2702123.2702418}
}

@inproceedings{Maimone2012Real-timeTelepresence,
    title = {{Real-time volumetric 3D capture of room-sized scenes for telepresence}},
    year = {2012},
    booktitle = {2012 3DTV-Conference: The True Vision - Capture, Transmission and Display of 3D Video (3DTV-CON)},
    author = {Maimone, Andrew and Fuchs, Henry},
    month = {10},
    pages = {1--4},
    publisher = {IEEE},
    url = {http://ieeexplore.ieee.org/document/6365430/},
    isbn = {978-1-4673-4905-5},
    doi = {10.1109/3DTV.2012.6365430}
}

@misc{Azuma2001RecentReality,
    title = {{Recent Advances in Augmented Reality}},
    year = {2001},
    author = {Azuma, Ronald and Baillot, Yohan and Behringer, Reinhold and Feiner, Steven and Julier, Simon and MacIntyre, Blair},
    url = {https://apps.dtic.mil/docs/citations/ADA606245},
    keywords = {*AUGMENTATION, *VIRTUAL REALITY, ENVIRONMENTS, SENSES(PHYSIOLOGY)}
}

@article{Hutchings2004RevisitingDesign,
    title = {{Revisiting Display Space Management: Understanding Current Practice to Inform Next-generation Design}},
    year = {2004},
    journal = {Proceedings of the Conference on Graphics, Visualization {\&} HCI (GI'04)},
    author = {Hutchings, Dugald Ralph and Stasko, John},
    isbn = {1568812272},
    issn = {07135424},
    keywords = {display space management, interview, management, multiple monitors, window}
}

@inproceedings{Jones2014RoomAlive,
    title = {{RoomAlive}},
    year = {2014},
    booktitle = {Proceedings of the 27th annual ACM symposium on User interface software and technology - UIST '14},
    author = {Jones, Brett and Shapira, Lior and Sodhi, Rajinder and Murdock, Michael and Mehra, Ravish and Benko, Hrvoje and Wilson, Andrew and Ofek, Eyal and MacIntyre, Blair and Raghuvanshi, Nikunj},
    pages = {637--644},
    publisher = {ACM Press},
    url = {http://dl.acm.org/citation.cfm?doid=2642918.2647383},
    address = {New York, New York, USA},
    isbn = {9781450330695},
    doi = {10.1145/2642918.2647383},
    keywords = {projection mapping, projector-camera system, spatial augmented reality}
}

@inproceedings{Nimbol2018StateHeadset,
    title = {{State of the art of telepresence with a virtual reality headset}},
    year = {2018},
    booktitle = {2018 4th International Conference on Computer and Technology Applications (ICCTA)},
    author = {Nimbol, Rivosoaniaina Alain and Thomas, Mahatody and Paul, Razafimandimby Josvah},
    month = {5},
    pages = {96--100},
    publisher = {IEEE},
    url = {https://ieeexplore.ieee.org/document/8398663/},
    isbn = {978-1-5386-6995-2},
    doi = {10.1109/CATA.2018.8398663}
}

@article{Trond2005Tankwar-TabletopReality,
    title = {{Tankwar-Tabletop war gaming in augmented reality}},
    year = {2005},
    journal = {2nd International Workshop on Pervasive Gaming Applications, PerGames},
    author = {Trond, Nilsen and Looser, Julian},
    volume = {5}
}

@inproceedings{MacIntyre2011TheEnvironment,
    title = {{The Argon AR Web Browser and standards-based AR application environment}},
    year = {2011},
    booktitle = {2011 10th IEEE International Symposium on Mixed and Augmented Reality, ISMAR 2011},
    author = {MacIntyre, Blair and Hill, Alex and Rouzati, Hafez and Gandy, Maribeth and Davidson, Brian},
    isbn = {9781457721830},
    doi = {10.1109/ISMAR.2011.6092371},
    issn = {1558-3171},
    pmid = {22269258},
    keywords = {augmented reality, web-based architecture}
}

@inproceedings{Speiginer2015TheApplications,
    title = {{The evolution of the argon web framework through its use creating cultural heritage and community-based augmented reality applications}},
    year = {2015},
    booktitle = {Human-Computer Interaction: Users and Contexts. HCI 2015. Lecture Notes in Computer Science},
    author = {Speiginer, Gheric and MacIntyre, Blair and Bolter, Jay and Rouzati, Hafez and Lambeth, Amy and Levy, Laura and Baird, Laurie and Gandy, Maribeth and Sanders, Matt and Davidson, Brian and Engberg, Maria and Clark, Russ and Mynatt, Elizabeth},
    volume = {9171},
    isbn = {9783319210056},
    doi = {10.1007/978-3-319-21006-3{\_}12},
    keywords = {Augmented reality, Community computing, Web-based technology}
}

@article{Cavallaro1997TheSystem,
    title = {{The FoxTrax hockey puck tracking system}},
    year = {1997},
    journal = {IEEE Computer Graphics and Applications},
    author = {Cavallaro, R.},
    number = {2},
    pages = {6--12},
    volume = {17},
    url = {http://ieeexplore.ieee.org/document/574652/},
    doi = {10.1109/38.574652},
    issn = {02721716}
}

@article{Billinghurst2001TheVirtuality,
    title = {{The MagicBook - Moving seamlessly between reality and virtuality}},
    year = {2001},
    journal = {IEEE Computer Graphics and Applications},
    author = {Billinghurst, Mark and Kato, Hirokazu and Poupyrev, Ivan},
    isbn = {0272-1716 VO - 21},
    doi = {10.1109/38.920621},
    issn = {02721716},
    pmid = {25246403},
    arxivId = {arXiv:1011.1669v3}
}

@misc{J.OhlenburgI.HerbstI.LindtT.Frohlich2004TheProjects.,
    title = {{The MORGAN framework: enabling dynamic multi-user AR and VR projects.}},
    year = {2004},
    booktitle = {the ACM Symposium on Virtual Reality Software and Technology (VRST '04)},
    author = {J. Ohlenburg, I. Herbst, I. Lindt, T. Fr{\"{o}}hlich, W. Broll},
    isbn = {1581139071},
    doi = {http://doi.acm.org/10.1145/1077534.1077568},
    keywords = {I. Herbst, I. Lindt, J. Ohlenburg, T. Fr{\"{o}}hlich, W.}
}

@techreport{Ohlenburg2004TheProjects,
    title = {{The MORGAN Framework: Enabling Dynamic Multi-User ARand VR Projects}},
    year = {2004},
    author = {Ohlenburg, Jan and Herbst, Iris and Lindt, Irma and Fr6hlich, Thorsten and Broil, Wolfgang},
    url = {http://www.openscenegraph.org},
    keywords = {132 [Graphics Systems]: Distributed/network graphics, 136 [Methodology and Techniques]: Device indepen-dence, Graphics data structures and data types, Interaction techniques, 137 [Three-Dimensional Graphics and Realism]: Vir-tual reality General Terms Performance, Design, Reliability Keywords Augmented reality, virtual reality, framework, render en-gine, distributed system design, tracking, C24 [Distributed Systems]: Distributed applications, H51 [Multimedia Information Systems]: Artificial, augmented and virtual realities}
}

@inproceedings{Lanier2017TheDisplays,
    title = {{The RealityMashers: Augmented Reality Wide Field-of-View Optical See-Through Head Mounted Displays}},
    year = {2017},
    booktitle = {Adjunct Proceedings of the 2016 IEEE International Symposium on Mixed and Augmented Reality, ISMAR-Adjunct 2016},
    author = {Lanier, J. and Mateevitsi, V. and Rathinavel, K. and Shapira, L. and Menke, J. and Therien, P. and Hudman, J. and Speiginer, G. and Won, A.S. and Banburski, A. and Benavides, X. and Amores, J. and Lurashi, J.P. and Chang, W.},
    number = {},
    volume = {},
    isbn = {9781509037407},
    doi = {10.1109/ISMAR-Adjunct.2016.0061},
    keywords = {H.5.1 [Information Interfaces and Presentation]: M, augmented and virtual realities; H.5.3 [Informatio}
}

@inproceedings{Bowman1997TravelTechniques,
    title = {{Travel in immersive virtual environments: an evaluation of viewpoint motion control techniques}},
    year = {1997},
    booktitle = {Proceedings of IEEE 1997 Annual International Symposium on Virtual Reality},
    author = {Bowman, D.A. and Koller, D. and Hodges, L.F.},
    pages = {45--52},
    publisher = {IEEE Comput. Soc. Press},
    url = {http://ieeexplore.ieee.org/document/583043/},
    isbn = {0-8186-7843-7},
    doi = {10.1109/VRAIS.1997.583043}
}

@inproceedings{Dachselt2006UsingApplications,
    title = {{Using the AMACONT architecture for flexible adaptation of 3D web applications}},
    year = {2006},
    author = {Dachselt, Raimund and Hinz, Michael and Pietschmann, Stefan},
    doi = {10.1145/1122591.1122602}
}

@article{Sakurai2011VascularDisease,
    title = {{Vascular risk factors and progression in Alzheimer's disease}},
    year = {2011},
    journal = {Geriatrics and Gerontology International},
    author = {Sakurai, Hirofumi and Hanyu, Haruo and Sato, Tomohiko and Kanetaka, Hidekazu and Shimizu, Soichiro and Hirao, Kentaro and Kikukawa, Masayuki and Iwamoto, Toshihiko},
    isbn = {9781450325905},
    doi = {10.1111/j.1447-0594.2010.00669.x},
    issn = {14441586},
    pmid = {21143566},
    keywords = {Alzheimer's disease, Cognition, Progression, Vascular risk factor}
}

@inproceedings{Hill2011VirtualAR,
    title = {{Virtual transparency: Introducing parallax view into video see-through AR}},
    year = {2011},
    booktitle = {2011 10th IEEE International Symposium on Mixed and Augmented Reality},
    author = {Hill, Alex and Schiefer, Jacob and Wilson, Jeff and Davidson, Brian and Gandy, Maribeth and MacIntyre, Blair},
    month = {10},
    pages = {239--240},
    publisher = {IEEE},
    url = {http://ieeexplore.ieee.org/document/6162897/},
    isbn = {978-1-4577-2185-4},
    doi = {10.1109/ISMAR.2011.6092395}
}

@article{Fuentes-Pacheco2015VisualSurvey,
    title = {{Visual simultaneous localization and mapping: a survey}},
    year = {2015},
    journal = {Artificial Intelligence Review},
    author = {Fuentes-Pacheco, Jorge and Ruiz-Ascencio, José and Rend{\'{o}}n-Mancha, Juan Manuel},
    number = {1},
    month = {1},
    pages = {55--81},
    volume = {43},
    publisher = {Springer Netherlands},
    url = {http://link.springer.com/10.1007/s10462-012-9365-8},
    doi = {10.1007/s10462-012-9365-8},
    issn = {0269-2821}
}

@misc{NASAJetPropulsionLaboratory2015WalkingOnSight,
    title = {{Walking on Mars w/ HoloLens [OnSight]}},
    year = {2015},
    author = {{NASA Jet Propulsion Laboratory}},
    url = {https://www.youtube.com/watch?v=DXT-ynvI3Lg}
}

@article{Speicher2018XD-AR,
    title = {{XD-AR}},
    year = {2018},
    journal = {Proceedings of the ACM on Human-Computer Interaction},
    author = {Speicher, Maximilian and Hall, Brian D. and Yu, Ao and Zhang, Bowen and Zhang, Haihua and Nebeling, Janet and Nebeling, Michael},
    doi = {10.1145/3229089},
    issn = {25730142}
}

@article{Speicher2018XD-ARb,
    title = {{XD-AR}},
    year = {2018},
    journal = {Proceedings of the ACM on Human-Computer Interaction},
    author = {Speicher, Maximilian and Hall, Brian D. and Yu, Ao and Zhang, Bowen and Zhang, Haihua and Nebeling, Janet and Nebeling, Michael},
    doi = {10.1145/3229089},
    issn = {25730142}
}